@book{rich2013potato,
  title={Potato diseases},
  author={Rich, Avery E},
  year={2013},
  publisher={Academic Press}
}

@article{ngadze2012pectinolytic,
  title={Pectinolytic bacteria associated with potato soft rot and blackleg in South Africa and Zimbabwe},
  author={Ngadze, Elizabeth and Brady, Carrie L and Coutinho, Teresa A and Van der Waals, Jacquie E},
  journal={European Journal of Plant Pathology},
  volume={134},
  number={3},
  pages={533--549},
  year={2012},
  publisher={Springer}
}

@article{ge2021genotyping,
  title={Genotyping Dickeya dianthicola causing potato blackleg and soft rot outbreak associated with inoculum geography in the United States},
  author={Ge, Tongling and Jiang, He and Johnson, Steven B and Larkin, Robert P and Charkowski, Amy O and Secor, Gary and Hao, Jianjun},
  journal={Plant Disease},
  pages={PDIS--10},
  year={2021},
  publisher={Am Phytopath Society}
}

@article{perombelon2002potato,
  title={Potato diseases caused by soft rot erwinias: an overview of pathogenesis},
  author={P{\'e}rombelon, MCM},
  journal={Plant pathology},
  volume={51},
  number={1},
  pages={1--12},
  year={2002},
  publisher={Wiley Online Library}
}

@article{youdkes2020potential,
  title={Potential control of potato soft rot disease by the obligate predators Bdellovibrio and like organisms},
  author={Youdkes, Daniel and Helman, Yael and Burdman, Saul and Matan, Ofra and Jurkevitch, Edouard},
  journal={Applied and environmental microbiology},
  volume={86},
  number={6},
  pages={e02543--19},
  year={2020},
  publisher={Am Soc Microbiol}
}

@article{krzyzanowska2012rhizosphere,
  title={Rhizosphere bacteria as potential biocontrol agents against soft rot caused by various Pectobacterium and Dickeya spp. strains},
  author={Krzyzanowska, DM and Potrykus, Marta and Golanowska, Ma{\l}gorzata and Polonis, Katarzyna and Gwizdek-Wisniewska, A and Lojkowska, E and Jafra, Sylwia},
  journal={Journal of Plant Pathology},
  pages={367--378},
  year={2012},
  publisher={JSTOR}
}

@article{evans1993reviews,
  title={Reviews: New approaches for potato cyst nematode management},
  author={Evans, Ken},
  journal={Nematropica},
  pages={221--231},
  year={1993}
}

@article{evans1980origin,
  title={The origin and distribution of the golden nematode and its potential in the USA},
  author={Evans, K and Brodie, BB},
  journal={American Potato Journal},
  volume={57},
  number={3},
  pages={79--89},
  year={1980},
  publisher={Springer}
}

@article{mimee2015life,
  title={Life cycle of the golden cyst nematode, Globodera rostochiensis, in Quebec, Canada},
  author={Mimee, Benjamin and Dauphinais, Nathalie and Belair, Guy},
  journal={Journal of nematology},
  volume={47},
  number={4},
  pages={290},
  year={2015},
  publisher={Society of Nematologists}
}
